<?xml version = "1.0" encoding = "UTF-8"?><record>
  <leader>01170nmm#a2200373#c#4500</leader>
  <controlfield tag="005">20210408194357.0</controlfield>
  <controlfield tag="007">cr#|||||||||||</controlfield>
  <controlfield tag="008">040312|########xx######o##|########ger#c</controlfield>
  <controlfield tag="003">DE-605</controlfield>
  <controlfield tag="001">990154321150206441</controlfield>
  <datafield tag="024" ind1="7" ind2=" ">
    <subfield code="a">urn:nbn:de:hbz:929:01-8578</subfield>
    <subfield code="2">urn</subfield>
  </datafield>
  <datafield tag="035" ind1=" " ind2=" ">
    <subfield code="a">(DE-605)TT002234858</subfield>
  </datafield>
  <datafield tag="040" ind1=" " ind2=" ">
    <subfield code="a">929</subfield>
    <subfield code="b">ger</subfield>
    <subfield code="d">929</subfield>
    <subfield code="e">rakwb</subfield>
  </datafield>
  <datafield tag="041" ind1=" " ind2=" ">
    <subfield code="a">ger</subfield>
  </datafield>
  <datafield tag="082" ind1="0" ind2=" ">
    <subfield code="a">350</subfield>
  </datafield>
  <datafield tag="084" ind1=" " ind2=" ">
    <subfield code="a">130</subfield>
    <subfield code="2">rpb</subfield>
  </datafield>
  <datafield tag="084" ind1=" " ind2=" ">
    <subfield code="a">E.420000 - Verwaltung</subfield>
    <subfield code="2">rpb</subfield>
  </datafield>
  <datafield tag="084" ind1=" " ind2=" ">
    <subfield code="a">F - Rheinland-Pfalz (geo)</subfield>
    <subfield code="2">rpb</subfield>
  </datafield>
  <datafield tag="084" ind1=" " ind2=" ">
    <subfield code="a">rpb420000</subfield>
    <subfield code="2">rpb</subfield>
  </datafield>
  <datafield tag="090" ind1=" " ind2=" ">
    <subfield code="g">c</subfield>
  </datafield>
  <datafield tag="110" ind1="2" ind2=" ">
    <subfield code="a">Rheinland-Pfalz</subfield>
    <subfield code="b">Staatskanzlei</subfield>
    <subfield code="0">(DE-588)2029758-0</subfield>
    <subfield code="4">aut</subfield>
    <subfield code="0">(uri) https://portal.dnb.de/opac.htm?method=simpleSearch&amp;cqlMode=true&amp;query=idn=004861868</subfield>
    <subfield code="0">(uri) http://viaf.org/viaf/sourceID/DNB|004861868</subfield>
    <subfield code="B">GND-004861868</subfield>
  </datafield>
  <datafield tag="245" ind1="1" ind2="0">
    <subfield code="a">Rheinland-Pfalz - Staatskanzlei</subfield>
    <subfield code="h">Elektronische Ressource</subfield>
  </datafield>
  <datafield tag="340" ind1=" " ind2=" ">
    <subfield code="a">Archivierte Online-Ressource</subfield>
    <subfield code="9">F:652a</subfield>
  </datafield>
  <datafield tag="500" ind1=" " ind2=" ">
    <subfield code="a">http://www.stk.rlp.de</subfield>
    <subfield code="9">F:501</subfield>
  </datafield>
  <datafield tag="500" ind1=" " ind2=" ">
    <subfield code="a">Website</subfield>
    <subfield code="9">F:517</subfield>
  </datafield>
  <datafield tag="688" ind1=" " ind2=" ">
    <subfield code="a">Ministerpr&#228;sident</subfield>
  </datafield>
  <datafield tag="856" ind1="4" ind2=" ">
    <subfield code="u">http://cmswebserver10.icteam.net/stk/</subfield>
  </datafield>
  <datafield tag="856" ind1="4" ind2="0">
    <subfield code="u">https://www.edoweb-rlp.de/resource/edoweb:49</subfield>
    <subfield code="x">Archivierte Online-Ressource</subfield>
  </datafield>
  <datafield tag="960" ind1="1" ind2=" ">
    <subfield code="b">Mindestkatalogisat</subfield>
  </datafield>
  <datafield tag="960" ind1="1" ind2=" ">
    <subfield code="r">929: rlbweb 857</subfield>
  </datafield>
  <datafield tag="964" ind1="0" ind2="s">
    <subfield code="F">030</subfield>
    <subfield code="A">a|1uc||||||27</subfield>
  </datafield>
  <datafield tag="964" ind1="0" ind2="s">
    <subfield code="F">050</subfield>
    <subfield code="A">||||||||g|||||</subfield>
  </datafield>
  <datafield tag="964" ind1="0" ind2="s">
    <subfield code="F">051</subfield>
    <subfield code="A">mw||||||</subfield>
  </datafield>
  <datafield tag="035" ind1=" " ind2=" ">
    <subfield code="a">(DE-599)HBZTT002234858</subfield>
  </datafield>
  <datafield tag="MBD" ind1=" " ind2=" ">
    <subfield code="M">49HBZ_NETWORK</subfield>
    <subfield code="i">990154321150206441</subfield>
    <subfield code="n">HBZ Network</subfield>
  </datafield>
  <datafield tag="MNG" ind1=" " ind2=" ">
    <subfield code="c">System</subfield>
    <subfield code="f">ILS</subfield>
    <subfield code="i">marc21</subfield>
    <subfield code="k">01</subfield>
    <subfield code="e">false</subfield>
    <subfield code="d">2021-04-08 19:43:57 Europe/Berlin</subfield>
    <subfield code="g">015432115-HBZ01</subfield>
    <subfield code="j">60</subfield>
    <subfield code="a">import</subfield>
    <subfield code="b">2021-04-05 20:15:10 Europe/Berlin</subfield>
  </datafield>
  <datafield tag="GKT" ind1="1" ind2=" ">
    <subfield code="a">Rheinland-Pfalz</subfield>
    <subfield code="b">Staatskanzlei</subfield>
    <subfield code="b">Oberste Landesplanungsbeho&#776;rde</subfield>
    <subfield code="A">GND</subfield>
    <subfield code="B">GND-004861868</subfield>
    <subfield code="C">410</subfield>
  </datafield>
  <datafield tag="GKT" ind1="2" ind2=" ">
    <subfield code="a">Oberste Landesplanungsbeho&#776;rde</subfield>
    <subfield code="g">Rheinland-Pfalz, Staatskanzlei</subfield>
    <subfield code="A">GND</subfield>
    <subfield code="B">GND-004861868</subfield>
    <subfield code="C">410</subfield>
  </datafield>
  <datafield tag="GKT" ind1="1" ind2=" ">
    <subfield code="a">Rheinland-Pfalz</subfield>
    <subfield code="b">Staatskanzlei</subfield>
    <subfield code="b">Abteilung</subfield>
    <subfield code="n">3</subfield>
    <subfield code="A">GND</subfield>
    <subfield code="B">GND-004861868</subfield>
    <subfield code="C">410</subfield>
  </datafield>
  <datafield tag="GKT" ind1="1" ind2=" ">
    <subfield code="a">Rheinland-Pfalz</subfield>
    <subfield code="b">Staatskanzlei</subfield>
    <subfield code="b">Landesplanung</subfield>
    <subfield code="A">GND</subfield>
    <subfield code="B">GND-004861868</subfield>
    <subfield code="C">410</subfield>
  </datafield>
  <datafield tag="GKT" ind1="1" ind2=" ">
    <subfield code="a">Rheinland-Pfalz</subfield>
    <subfield code="b">Staatskanzlei</subfield>
    <subfield code="b">Abteilung Gesetzgebung und Verwaltung</subfield>
    <subfield code="A">GND</subfield>
    <subfield code="B">GND-004861868</subfield>
    <subfield code="C">410</subfield>
  </datafield>
  <datafield tag="GKT" ind1="1" ind2=" ">
    <subfield code="a">Rheinland-Pfalz</subfield>
    <subfield code="b">Staatskanzlei</subfield>
    <subfield code="b">Pressestelle</subfield>
    <subfield code="A">GND</subfield>
    <subfield code="B">GND-004861868</subfield>
    <subfield code="C">410</subfield>
  </datafield>
  <datafield tag="GKT" ind1="1" ind2=" ">
    <subfield code="a">Rheinland-Pfalz</subfield>
    <subfield code="b">Staatskanzlei</subfield>
    <subfield code="b">Landespressestelle</subfield>
    <subfield code="A">GND</subfield>
    <subfield code="B">GND-004861868</subfield>
    <subfield code="C">410</subfield>
  </datafield>
  <datafield tag="GKT" ind1="2" ind2=" ">
    <subfield code="a">Landespressestelle</subfield>
    <subfield code="g">Rheinland-Pfalz, Staatskanzlei</subfield>
    <subfield code="A">GND</subfield>
    <subfield code="B">GND-004861868</subfield>
    <subfield code="C">410</subfield>
  </datafield>
  <datafield tag="GKT" ind1="2" ind2=" ">
    <subfield code="a">Staatskanzlei</subfield>
    <subfield code="g">Rheinland-Pfalz</subfield>
    <subfield code="A">GND</subfield>
    <subfield code="B">GND-004861868</subfield>
    <subfield code="C">410</subfield>
  </datafield>
  <datafield tag="GKT" ind1="1" ind2=" ">
    <subfield code="a">Rheinland-Pfalz</subfield>
    <subfield code="b">Staatskanzlei</subfield>
    <subfield code="b">Landesplanungsbeho&#776;rde</subfield>
    <subfield code="A">GND</subfield>
    <subfield code="B">GND-004861868</subfield>
    <subfield code="C">410</subfield>
  </datafield>
  <datafield tag="GKT" ind1="2" ind2=" ">
    <subfield code="a">Landesplanungsbeho&#776;rde</subfield>
    <subfield code="g">Rheinland-Pfalz, Staatskanzlei</subfield>
    <subfield code="A">GND</subfield>
    <subfield code="B">GND-004861868</subfield>
    <subfield code="C">410</subfield>
  </datafield>
  <datafield tag="GKT" ind1="1" ind2=" ">
    <subfield code="a">Rheinland-Pfalz</subfield>
    <subfield code="b">Landesplanung</subfield>
    <subfield code="A">GND</subfield>
    <subfield code="B">GND-004861868</subfield>
    <subfield code="C">410</subfield>
  </datafield>
  <datafield tag="GSI" ind1="7" ind2=" ">
    <subfield code="a">http://d-nb.info/gnd/2029758-0</subfield>
    <subfield code="2">uri</subfield>
    <subfield code="A">GND</subfield>
    <subfield code="B">GND-004861868</subfield>
    <subfield code="C">024</subfield>
  </datafield>
</record>